% Encoding: UTF-8

@misc{ine01,
    author  = {{Instituto Nacional de Estadística}},
    title   = {Distribución de agua a las explotaciones agrícolas por comunidad autónoma, tipos de cultivos/técnicas de riego y periodo},
    year    = {2018},
    note    = {Última vez accedido el 12 de Mayo de 2019},
    url     = {http://www.ine.es/jaxi/Datos.htm?path=/t26/p067/p03/serie/l0/&file=02003.px}
}

@misc{elpais01,
    author  = {Miguel Bayod and Álvaro de la Rúa},
    title   = {Así ha sido la marcha de los jóvenes para protestar frente al Congreso contra el cambio climático},
    year    = {2019},
    note    = {Última vez accedido el 12 de Mayo de 2019},
    url     = {https://elpais.com/Comentario/1552673630-e9e766575879c9bd54cd26bca02cc37e/es}
}

@techreport{BandorQuantitativeMethods2006,
    author  = {Michael Bandor},
    title   = {Quantitative Methods for Software Selection and Evaluation},
    year    = {2006},
    number  = {CMU/SEI-2006-TN-026},
    institution = {Software Engineering Institute, Carnegie Mellon University},
    address = {Pittsburgh, PA},
    url     = {http://resources.sei.cmu.edu/library/asset-view.cfm?AssetID=7949}
}

@manual{PUD2017,
    author  = {Ismael Caballero and Moisés Rodríguez},
    title   = {Tema 01.02 Proceso Unificado de Desarrollo},
    year    = {2017},
    organization = {Ingeniería del Software II, Escuela Superior de Informática},
    address = {Ciudad Real, España},
    edition = {v1.6}
}