%% This BibTeX bibliography file was created using BibDesk.
%% http://bibdesk.sourceforge.net/

%% Saved with string encoding Unicode (UTF-8) 

@misc{gob.miapa.01,
    author = {{Ministerio de Agricultura, Pesca y Alimentación}},
    title = {Encuesta sobre Superficies y Rendimientos de Cultivos},
    year = {2017},
    note = {Accedida por última vez el 15 de Noviembre de 2018},
    url = {https://www.mapa.gob.es/es/estadistica/temas/estadisticas-agrarias/agricultura/esyrce/}
}

@misc{ine.01,
    author = {{Instituto Nacional de Estadística}},
    title = {Volumen de agua usado por técnica de riego},
    year = {2016},
    note = {Accedida por última vez el 15 de Noviembre de 2018},
    url = {https://www.ine.es/dyngs/INEbase/es/operacion.htm?c=Estadistica_C&cid=1254736176839&menu=ultiDatos&idp=1254735976602}
}

@misc{uml.01,
    author = {{Object Management Group}},
    title = {Unified Modeling Language Specification Version 2.5.1},
    year = {2017},
    note = {Accedida por última vez el 22 de Noviembre de 2018},
    url = {https://www.omg.org/spec/UML}
}

@misc{open.garden.01,
    author={{Open Garden}},
    title={Open Garden Outdoor Kit},
    year={2018},
    note={Accedida por útima vez el 13 de Diciembre de 2018},
    url={https://www.cooking-hacks.com/open-garden-outdoor-1node-1gw}
}

@misc{ibm.mqtt.01,
    author={IBM},
    title={MQTT v3.1 Protocol Specification},
    year={2014},
    note={Accedida por última vez el 13 de Diciembre de 2018},
    url={http://public.dhe.ibm.com/software/dw/webservices/ws-mqtt/mqtt-v3r1.html}
}

@misc{ibm.cloud.01,
    author={IBM},
    title={IBM Cloud},
    year={2018},
    note={Accedida por última vez el 13 de Diciembre de 2018},
    url={https://www.ibm.com/cloud/}
}

@misc{flask.01,
    author={Armin Ronacher},
    title={Flask Documentation},
    year={2018},
    note={Accedida por última vez el 13 de Diciembre de 2018},
    url={http://flask.pocoo.org/docs/1.0/}
}

@misc{bitbucket.01,
    author={{Atlassian}},
    title={Bitbucket},
    year={2018},
    note={Accedida por última vez el 13 de Diciembre de 2018},
    url={https://confluence.atlassian.com/get-started-with-bitbucket/get-started-with-bitbucket-cloud-856845168.html}
}

@misc{python.01,
    author={{Python Software Foundation}},
    title={Python},
    year={2018},
    note={Accedida por última vez el 13 de Diciembre de 2018},
    url={https://docs.python.org/2/tutorial/}
}

@misc{mercurial.01,
    author={Bryan O'Sullivan},
    title={Mercurial},
    year={2015},
    note={Accedida por última vez el 13 de Diciembre de 2018},
    url={https://book.mercurial-scm.org/read/}
}

@misc{sql.01,
    author={ISO},
    title={ISO/IES 9075-1:2008 Databases language -- SQL},
    year={2018},
    note={Accedida por última vez el 13 de Diciembre de 2018},
    url={https://www.iso.org/standard/45498.html}
}

@misc{latex.01,
    author={{\LaTeX{3}  Project Team}},
    title={\LaTeX{2e}},
    year={2015},
    note={Accedida por última vez el 13 de Diciembre de 2018},
    url={https://www.latex-project.org/help/documentation/usrguide.pdf}
}

@misc{lenovo.01,
    author={{Lenovo}},
    title={Lenovo z50 Laptop},
    note={Accedida por última vez el 21 de Diciembre de 2018},
    url={https://www.lenovo.com/us/en/laptops/lenovo/z-series/z50/}
}